<record><leader>00000cas a22000007a 4500</leader><controlfield tag="001">18391146</controlfield><controlfield tag="008">880823c19789999aruwr ne      0    0eng d</controlfield><datafield ind1=" " ind2=" " tag="010"><subfield code="a">sn 88051065 </subfield></datafield><datafield ind1=" " ind2=" " tag="040"><subfield code="a">ANU</subfield><subfield code="b">eng</subfield><subfield code="c">ANU</subfield><subfield code="d">NST</subfield><subfield code="d">ANU</subfield><subfield code="d">OCLCQ</subfield></datafield><datafield ind1=" " ind2=" " tag="012"><subfield code="i">9201</subfield></datafield><datafield ind1="1" ind2=" " tag="029"><subfield code="a">AU@</subfield><subfield code="b">000050496560</subfield></datafield><datafield ind1=" " ind2=" " tag="042"><subfield code="a">msc</subfield></datafield><datafield ind1="0" ind2=" " tag="130"><subfield code="a">Weekly vista (Bentonville, Ark. : 1978)</subfield></datafield><datafield ind1="1" ind2="4" tag="245"><subfield code="a">The Weekly vista.</subfield></datafield><datafield ind1=" " ind2=" " tag="260"><subfield code="a">Bentonville, Ark. :</subfield><subfield code="b">Village Publications</subfield></datafield><datafield ind1=" " ind2=" " tag="300"><subfield code="a">v.</subfield></datafield><datafield ind1=" " ind2=" " tag="310"><subfield code="a">Weekly</subfield></datafield><datafield ind1="0" ind2=" " tag="362"><subfield code="a">Vol. 13, no. 18 (May 9, 1978)-</subfield></datafield><datafield ind1=" " ind2=" " tag="500"><subfield code="a">Published in Bella Vista, Ark., &lt;Sept. 25, 1979&gt;-</subfield></datafield><datafield ind1="8" ind2=" " tag="521"><subfield code="a">"Serving Bella Vista Village and Northwest Arkansas."</subfield></datafield><datafield ind1=" " ind2="4" tag="651"><subfield code="a">Bella Vista (Ark.)</subfield><subfield code="v">Newspapers.</subfield></datafield><datafield ind1=" " ind2="4" tag="651"><subfield code="a">Benton County (Ark.)</subfield><subfield code="v">Newspapers.</subfield></datafield><datafield ind1=" " ind2=" " tag="752"><subfield code="a">United States</subfield><subfield code="b">Arkansas</subfield><subfield code="c">Benton</subfield><subfield code="d">Bella Vista.</subfield></datafield><datafield ind1=" " ind2=" " tag="752"><subfield code="a">United States</subfield><subfield code="b">Arkansas</subfield><subfield code="c">Benton</subfield><subfield code="d">Bentonville.</subfield></datafield><datafield ind1="0" ind2="0" tag="780"><subfield code="t">Vista (Bentonville, Ark.)</subfield><subfield code="w">(DLC)sn 88051066</subfield></datafield><datafield ind1=" " ind2=" " tag="850"><subfield code="a">ArU</subfield></datafield></record>